<?xml version="1.0" encoding="UTF-8"?><record xmlns="http://www.loc.gov/MARC21/slim" xmlns:cinclude="http://apache.org/cocoon/include/1.0" xmlns:zs="http://www.loc.gov/zing/srw/">
  <leader>00783cz  a2200169n  4500</leader>
  <controlfield tag="001">nr2006015984</controlfield>
  <controlfield tag="003">DLC</controlfield>
  <controlfield tag="005">20130323101251.0</controlfield>
  <controlfield tag="008">060614n| azannaabn           a aaa     c</controlfield>
  <datafield tag="010" ind1=" " ind2=" ">
    <subfield code="a">nr2006015984</subfield>
  </datafield>
  <datafield tag="040" ind1=" " ind2=" ">
    <subfield code="a">CSmH</subfield>
    <subfield code="b">eng</subfield>
    <subfield code="e">rda</subfield>
    <subfield code="c">CSmH</subfield>
    <subfield code="d">DLC</subfield>
  </datafield>
  <datafield tag="046" ind1=" " ind2=" ">
    <subfield code="g">1792</subfield>
  </datafield>
  <datafield tag="100" ind1="1" ind2=" ">
    <subfield code="a">Watson, William,</subfield>
    <subfield code="d">-1792</subfield>
  </datafield>
  <datafield tag="400" ind1="1" ind2=" ">
    <subfield code="a">Watson, W.</subfield>
    <subfield code="q">(William),</subfield>
    <subfield code="d">-1792</subfield>
  </datafield>
  <datafield tag="400" ind1="1" ind2=" ">
    <subfield code="w">nnea</subfield>
    <subfield code="a">Watson, William,</subfield>
    <subfield code="d">d. 1792</subfield>
  </datafield>
  <datafield tag="670" ind1=" " ind2=" ">
    <subfield code="a">Wraxall, Nathaniel William. Memoirs of the kings of France of the race of Valois, 1777:</subfield>
    <subfield code="b">t.p. (Printed for ... W. Watson)</subfield>
  </datafield>
  <datafield tag="670" ind1=" " ind2=" ">
    <subfield code="a">Munter, R. Dict. of the print trade in Ireland, 1550-1775, 1988:</subfield>
    <subfield code="b">p. 287 (Watson, William; bookseller and printer in Dublin, 1757-1792; died in 1792; address: Poet's Head, Capel Street; brother of John Watson and succeeded by his son William Watson Jr.)</subfield>
  </datafield>
</record>